<record xmlns="http://www.loc.gov/MARC21/slim" xmlns:xsi="http://www.w3.org/2001/XMLSchema-instance" xsi:schemaLocation="http://www.loc.gov/MARC21/slim http://www.loc.gov/standards/marcxml/schema/MARC21slim.xsd"><leader>00638cz   2200169n  4500</leader><controlfield tag="001">oca03472974 </controlfield><controlfield tag="005">19990415124427.9</controlfield><controlfield tag="008">931006n| acannaab|          |a aaa     c</controlfield><datafield ind1=" " ind2=" " tag="010"><subfield code="a">nr 93040686 </subfield></datafield><datafield ind1=" " ind2=" " tag="035"><subfield code="a">(Uk)tb037688</subfield></datafield><datafield ind1=" " ind2=" " tag="040"><subfield code="a">Uk/ESTC-NA</subfield><subfield code="c">ESTC-NA</subfield><subfield code="d">DLC</subfield></datafield><datafield ind1="0" ind2=" " tag="100"><subfield code="a">Tyrtaeus</subfield></datafield><datafield ind1="0" ind2=" " tag="400"><subfield code="a">Tyrtaios</subfield></datafield><datafield ind1=" " ind2=" " tag="667"><subfield code="a">Data provided by the ESTC/BL</subfield></datafield><datafield ind1=" " ind2=" " tag="670"><subfield code="a">His Spartan lessons; or, the praise of valour; in the verses of Tyrtaeus; an ancient Athenian poet, 1759:</subfield><subfield code="b">t.p. (Tyrtaeus)</subfield></datafield><datafield ind1=" " ind2=" " tag="670"><subfield code="a">NUC pre-56</subfield><subfield code="b">(Tyrtaeus)</subfield></datafield><datafield ind1=" " ind2=" " tag="670"><subfield code="a">Oxford classical dictionary, 1949</subfield><subfield code="b">(Tyrtaeus, Elegist of the 7th cent. B.C.; led Spartans in 2nd Messenian War)</subfield></datafield></record>